% Encoding: UTF-8

% ============= glavni viri:

@Article{Stroembom,
	title={Solving the shepherding problem: heuristics for herding autonomous, interacting agents},
	author={Str{\"o}mbom, Daniel and Mann, Richard P and Wilson, Alan M and Hailes, Stephen and Morton, A Jennifer and Sumpter, David JT and King, Andrew J},
	journal={Journal of the royal society interface},
	volume={11},
	number={100},
	pages={20140719},
	year={2014},
	publisher={The Royal Society}
}

@Article{Ginelli,
	title={Intermittent collective dynamics emerge from conflicting imperatives in sheep herds},
	author={Ginelli, Francesco and Peruani, Fernando and Pillot, Marie-Hel{\`e}ne and Chat{\'e}, Hugues and Theraulaz, Guy and Bon, Richard},
	journal={Proceedings of the National Academy of Sciences},
	volume={112},
	number={41},
	pages={12729--12734},
	year={2015},
	publisher={National Acad Sciences}
}

@Misc{natureOfCode,
  title={The nature of code},
  author={Shiffman, Daniel and Fry, Shannon and Marsh, Zannah},
  year={2012},
  publisher={D. Shiffman}
}

% ===================== uvod:

@ARTICLE{bird-herd,
	author={A. A. {Paranjape} and S. {Chung} and K. {Kim} and D. H. {Shim}},
	journal={IEEE Transactions on Robotics}, title={Robotic Herding of a Flock of Birds Using an Unmanned Aerial Vehicle},
	year={2018},
	volume={34},
	number={4},
	pages={901-915},
	doi={10.1109/TRO.2018.2853610}}

% =============================== ovce:

@inproceedings{boids,
	title={Flocks, herds and schools: A distributed behavioral model},
	author={Reynolds, Craig W},
	booktitle={Proceedings of the 14th annual conference on Computer graphics and interactive techniques},
	pages={25--34},
	year={1987}
}

@Misc{diplomska,
	title={Ra{\v{c}}unalni{\v{s}}ka simulacija {\v{c}}rede ovc in psa ov{\v{c}}arja},
	author={{\v{S}}eme, Rok},
	year={2016},
	note={diplomsko delo, Univerza v Ljubljani},
}

@article{Demsar,
	title={A hybrid model for simulating grazing herds in real time},
	author={Dem{\v{s}}ar, Jure and Blewitt, Will and Lebar Bajec, Iztok},
	journal={Computer Animation and Virtual Worlds},
	volume={31},
	number={1},
	pages={e1914},
	year={2020},
	publisher={Wiley Online Library}
}

@article{degond2015continuum,
	title={A continuum model for nematic alignment of self-propelled particles},
	author={Degond, Pierre and Manhart, Angelika and Yu, Hui},
	journal={arXiv preprint arXiv:1509.03124},
	year={2015}
}

% ===================== voronoi:

@inproceedings{comparative,
	title={A comparative investigation of herding algorithms},
	author={Bennett, Brandon and Trafankowski, Matthew},
	booktitle={Proc. Symp. on Understanding and Modelling Collective Phenomena (UMoCoP)},
	pages={33--38},
	year={2012}
}

@inproceedings{aiba2020suggestion,
	title={A suggestion for effective shepherding models with two sheepdogs},
	author={Aiba, Chiharu and Fujioka, Kaoru},
	booktitle={IECON 2020 The 46th Annual Conference of the IEEE Industrial Electronics Society},
	pages={77--81},
	year={2020},
	organization={IEEE}
}

@inproceedings{lien2005shepherding,
	title={Shepherding behaviors with multiple shepherds},
	author={Lien, Jyh-Ming and Rodriguez, Samuel and Malric, Jean-Phillipe and Amato, Nancy M},
	booktitle={Proceedings of the 2005 IEEE International Conference on Robotics and Automation},
	pages={3402--3407},
	year={2005},
	organization={IEEE}
}

@article{pierson2017controlling,
	title={Controlling noncooperative herds with robotic herders},
	author={Pierson, Alyssa and Schwager, Mac},
	journal={IEEE Transactions on Robotics},
	volume={34},
	number={2},
	pages={517--525},
	year={2017},
	publisher={IEEE}
}

@inproceedings{pierson2015bio,
	title={Bio-inspired non-cooperative multi-robot herding.},
	author={Pierson, Alyssa and Schwager, Mac},
	booktitle={ICRA},
	pages={1843--1849},
	year={2015},
	organization={Citeseer}
}

@article{lee2017autonomous,
	title={Autonomous shepherding behaviors of multiple target steering robots},
	author={Lee, Wonki and Kim, DaeEun},
	journal={Sensors},
	volume={17},
	number={12},
	pages={2729},
	year={2017},
	publisher={Multidisciplinary Digital Publishing Institute}
}

% ================== genetski:

@article{genetski,
	title={Genetic algorithm},
	author={Mathew, Tom V},
	journal={Report submitted at IIT Bombay},
	year={2012}
}

@article{genetski2,
	title={A genetic algorithm tutorial},
	author={Whitley, Darrell},
	journal={Statistics and computing},
	volume={4},
	number={2},
	pages={65--85},
	year={1994},
	publisher={Springer}
}

% ================== adaptivni:

@article{obstacles,
	title={Learning to Herd Agents Amongst Obstacles: Training Robust Shepherding Behaviors using Deep Reinforcement Learning},
	author={Zhi, Jixuan and Lien, Jyh-Ming},
	journal={arXiv preprint arXiv:2005.09476},
	year={2020}
}

@inproceedings{sarsa,
	title={A reinforcement learning approach to the shepherding task using SARSA},
	author={Go, Clark Kendrick and Lao, Bryan and Yoshimoto, Junichiro and Ikeda, Kazushi},
	booktitle={2016 International Joint Conference on Neural Networks (IJCNN)},
	pages={3833--3836},
	year={2016},
	organization={IEEE}
}

@article{reinforcement,
	title={An introduction to deep reinforcement learning},
	author={Fran{\c{c}}ois-Lavet, Vincent and Henderson, Peter and Islam, Riashat and Bellemare, Marc G and Pineau, Joelle},
	journal={arXiv preprint arXiv:1811.12560},
	year={2018}
}

@article{ppo-clanek,
	title={Proximal policy optimization algorithms},
	author={Schulman, John and Wolski, Filip and Dhariwal, Prafulla and Radford, Alec and Klimov, Oleg},
	journal={arXiv preprint arXiv:1707.06347},
	year={2017}
}

@Comment{jabref-meta: databaseType:bibtex;}
